@MISC{IZVOR:1,
	HOWPUBLISHED = "\url{https://www.overleaf.com/learn/latex/Picture_environment}",
	AUTHOR = "Writelatex Limited",
	TITLE = "Picture environment",
	MONTH = "Oct",
	YEAR = "2018",
	NOTE = "Stranica pristupljena 19. 1. 2019."
}
@MISC{IZVOR:2,
	HOWPUBLISHED = "\url{https://en.wikibooks.org/wiki/LaTeX/Xy-pic}",
	AUTHOR = "Wikimedia Foundation, Inc.",
	TITLE = "LaTeX/Xy-pic",
	MONTH = "Jan",
	YEAR = "2016",
	NOTE = "Stranica pristupljena 19. 1. 2019."
}
@MISC{IZVOR:3,
	HOWPUBLISHED = "\url{https://en.wikibooks.org/wiki/LaTeX/Picture}",
	AUTHOR = "Wikimedia Foundation, Inc.",
	TITLE = "LaTeX/Picture",
	MONTH = "Jan",
	YEAR = "2019",
	NOTE = "Stranica pristupljena 23. 1. 2019."
}
@MISC{IZVOR:4,
	HOWPUBLISHED = "\url{https://en.wikibooks.org/wiki/LaTeX/Boxes}",
	AUTHOR = "Wikimedia Foundation, Inc.",
	TITLE = "LaTeX/Boxes",
	MONTH = "Oct",
	YEAR = "2018",
	NOTE = "Stranica pristupljena 23. 1. 2019."
}
@MISC{IZVOR:5,
	HOWPUBLISHED = "\url{https://en.wikipedia.org/wiki/Gnuplot}",
	AUTHOR = "Wikimedia Foundation, Inc.",
	TITLE = "gnuplot",
	MONTH = "Dec",
	YEAR = "2018",
	NOTE = "Stranica pristupljena 26. 1. 2019."
} 
