@MISC{IZVOR:1,
	HOWPUBLISHED = "\url{https://www.overleaf.com/learn/latex/Picture_environment}",
	AUTHOR = {{\bibcorporate{Writelatex Limited}}},
	TITLE = "Picture environment",
	MONTH = oct,
	YEAR = "2018",
	NOTE = "Stranica pristupljena 19. 1. 2019."
}
@MISC{IZVOR:2,
	HOWPUBLISHED = "\url{https://en.wikibooks.org/wiki/LaTeX/Xy-pic}",
	AUTHOR = {{\bibcorporate{Wikimedia Foundation, Inc.}}},
 	TITLE = "LaTeX/Xy-pic",
	MONTH = jan,
	YEAR = "2016",
	NOTE = "Stranica pristupljena 19. 1. 2019."
}
@MISC{IZVOR:3,
	HOWPUBLISHED = "\url{https://en.wikibooks.org/wiki/LaTeX/Picture}",
	AUTHOR = {{\bibcorporate{Wikimedia Foundation, Inc.}}},
	TITLE = "LaTeX/Picture",
	MONTH = jan,
	YEAR = "2019",
	NOTE = "Stranica pristupljena 23. 1. 2019."
}
@MISC{IZVOR:4,
	HOWPUBLISHED = "\url{https://en.wikibooks.org/wiki/LaTeX/Boxes}",
	AUTHOR = {{\bibcorporate{Wikimedia Foundation, Inc.}}},
	TITLE = "LaTeX/Boxes",
	MONTH = oct,
	YEAR = "2018",
	NOTE = "Stranica pristupljena 23. 1. 2019."
}
@MISC{IZVOR:5,
	HOWPUBLISHED = "\url{https://en.wikipedia.org/wiki/Gnuplot}",
	AUTHOR = {{\bibcorporate{Wikimedia Foundation, Inc.}}},
	TITLE = "gnuplot",
	MONTH = dec,
	YEAR = "2018",
	NOTE = "Stranica pristupljena 26. 1. 2019."
} 
@MISC{IZVOR:6,
	HOWPUBLISHED = "\url{https://www.math.arizona.edu/~swig/documentation/xypic/Xypic.pdf}",
	AUTHOR = "Cameron McLeman",
	TITLE = "An Introduction to XY-pic",
	MONTH = oct,
	YEAR = "2007",
	NOTE = "Stranica pristupljena 26. 1. 2019."
} 
@MISC{IZVOR:7,
	HOWPUBLISHED = "\url{https://http://ctan.ijs.si/tex-archive/macros/generic/diagrams/xypic/doc/xyguide.pdf}",
	AUTHOR = "Kristoffer H. Rose",
	TITLE = "XY-pic User's Guide",
	MONTH = oct,
	YEAR = "2013",
	NOTE = "Stranica pristupljena 26. 1. 2019."
}
